<?xml version="1.0" encoding="UTF-8"?><record xmlns="http://www.loc.gov/MARC21/slim" xmlns:cinclude="http://apache.org/cocoon/include/1.0" xmlns:zs="http://www.loc.gov/zing/srw/">
  <leader>00607nz  a2200157n  4500</leader>
  <controlfield tag="001">no2009067876</controlfield>
  <controlfield tag="003">DLC</controlfield>
  <controlfield tag="005">20090503075243.0</controlfield>
  <controlfield tag="008">090501n| acannaabn          |b aaa     c</controlfield>
  <datafield tag="010" ind1=" " ind2=" ">
    <subfield code="a">no2009067876</subfield>
  </datafield>
  <datafield tag="035" ind1=" " ind2=" ">
    <subfield code="a">(OCoLC)oca08096181</subfield>
  </datafield>
  <datafield tag="040" ind1=" " ind2=" ">
    <subfield code="a">NjP</subfield>
    <subfield code="b">eng</subfield>
    <subfield code="c">NjP</subfield>
  </datafield>
  <datafield tag="100" ind1="1" ind2=" ">
    <subfield code="a">ʻAlī, Ḥusayn</subfield>
    <subfield code="q">(Ḥusayn ʻAlī Ṣāliḥ)</subfield>
  </datafield>
  <datafield tag="400" ind1="1" ind2=" ">
    <subfield code="a">علي، حسين</subfield>
    <subfield code="q">(حسين علي صالح)</subfield>
  </datafield>
  <datafield tag="667" ind1=" " ind2=" ">
    <subfield code="a">Non-Latin script reference not evaluated.</subfield>
  </datafield>
  <datafield tag="670" ind1=" " ind2=" ">
    <subfield code="a">His al-Ān--, 2007:</subfield>
    <subfield code="b">t.p. (Ḥusayn al-ʻAlī = حسين العلي) t.p. verso (Ḥusayn ʻAlī Ṣāliḥ al-ʻAlī = حسين علي صالح العلي)</subfield>
  </datafield>
</record>